<?xml version="1.0" encoding="UTF-8"?>
<collection>
  <record xmlns="http://www.loc.gov/MARC21/slim">
    <leader>00797cam a2200265 i 4500</leader>
    <controlfield tag="001">4298</controlfield>
    <controlfield tag="005">20190910130617.0</controlfield>
    <controlfield tag="008">801220m1952uuuunyu           000 0 eng u</controlfield>
    <datafield tag="010" ind1=" " ind2=" ">
      <subfield code="a">52011400</subfield>
    </datafield>
    <datafield tag="035" ind1=" " ind2=" ">
      <subfield code="a">(OCoLC)ocn687882616</subfield>
    </datafield>
    <datafield tag="035" ind1=" " ind2=" ">
      <subfield code="a">(CStRLIN)CTYG0367754-B</subfield>
    </datafield>
    <datafield tag="035" ind1=" " ind2=" ">
      <subfield code="9">AAA4362YL</subfield>
    </datafield>
    <datafield tag="035" ind1=" " ind2=" ">
      <subfield code="a">4298</subfield>
    </datafield>
    <datafield tag="040" ind1=" " ind2=" ">
      <subfield code="c">ODaWU</subfield>
      <subfield code="d">CtY</subfield>
    </datafield>
    <datafield tag="079" ind1=" " ind2=" ">
      <subfield code="a">ocm00367754</subfield>
    </datafield>
    <datafield tag="090" ind1=" " ind2=" ">
      <subfield code="a">PR8873</subfield>
      <subfield code="b">.M4</subfield>
    </datafield>
    <datafield tag="100" ind1="1" ind2=" ">
      <subfield code="a">Mercier, Vivian,</subfield>
      <subfield code="d">1919-1989.</subfield>
    </datafield>
    <datafield tag="245" ind1="1" ind2="0">
      <subfield code="a">1000 years of Irish prose;</subfield>
      <subfield code="c">edited with an introduction by Vivian Mercier and David H. Greene.</subfield>
    </datafield>
    <datafield tag="260" ind1=" " ind2=" ">
      <subfield code="a">New York :</subfield>
      <subfield code="b">Devin-Adair,</subfield>
      <subfield code="c">1952-</subfield>
    </datafield>
    <datafield tag="300" ind1=" " ind2=" ">
      <subfield code="a">v. ;</subfield>
      <subfield code="c">23 cm</subfield>
    </datafield>
    <datafield tag="650" ind1=" " ind2="0">
      <subfield code="a">Irish prose literature.</subfield>
    </datafield>
    <datafield tag="650" ind1=" " ind2="0">
      <subfield code="a">English prose literature</subfield>
      <subfield code="x">Irish authors.</subfield>
    </datafield>
    <datafield tag="700" ind1="1" ind2=" ">
      <subfield code="a">Greene, David H.</subfield>
      <subfield code="q">(David Herbert),</subfield>
      <subfield code="d">1913-2008.</subfield>
    </datafield>
    <datafield tag="928" ind1=" " ind2=" ">
      <subfield code="a">AC031297</subfield>
    </datafield>
    <datafield tag="948" ind1=" " ind2=" ">
      <subfield code="a">OCLC</subfield>
    </datafield>
  </record>