
  <record xmlns="http://www.loc.gov/MARC21/slim">
    <leader>01170cam a2200349   4500</leader>
    <controlfield tag="001">11910</controlfield>
    <controlfield tag="005">20140930180316.0</controlfield>
    <controlfield tag="008">801221s1971uuuube b          000 0 dut u</controlfield>
    <datafield tag="010" ind1=" " ind2=" ">
      <subfield code="a">73304934</subfield>
    </datafield>
    <datafield tag="035" ind1=" " ind2=" ">
      <subfield code="a">(OCoLC)ocn687501049</subfield>
    </datafield>
    <datafield tag="035" ind1=" " ind2=" ">
      <subfield code="a">(CStRLIN)CTYG1039120-B</subfield>
    </datafield>
    <datafield tag="035" ind1=" " ind2=" ">
      <subfield code="9">AAB2056YL</subfield>
    </datafield>
    <datafield tag="035" ind1=" " ind2=" ">
      <subfield code="a">11910</subfield>
    </datafield>
    <datafield tag="040" ind1=" " ind2=" ">
      <subfield code="c">NIC</subfield>
      <subfield code="d">CtY</subfield>
    </datafield>
    <datafield tag="041" ind1="0" ind2=" ">
      <subfield code="a">dut</subfield>
      <subfield code="b">ger</subfield>
    </datafield>
    <datafield tag="043" ind1=" " ind2=" ">
      <subfield code="a">e-be---</subfield>
    </datafield>
    <datafield tag="050" ind1="0" ind2=" ">
      <subfield code="a">PF827.B6</subfield>
      <subfield code="b">W5</subfield>
    </datafield>
    <datafield tag="079" ind1=" " ind2=" ">
      <subfield code="a">ocm01039120</subfield>
    </datafield>
    <datafield tag="090" ind1=" " ind2=" ">
      <subfield code="a">PF827.B6</subfield>
      <subfield code="b">W5</subfield>
    </datafield>
    <datafield tag="100" ind1="1" ind2=" ">
      <subfield code="a">Willemyns, Roland.</subfield>
    </datafield>
    <datafield tag="245" ind1="1" ind2="0">
      <subfield code="a">Bijdrage tot de studie van de klankleer van het Brugs op het einde van de middeleeuwen.</subfield>
    </datafield>
    <datafield tag="260" ind1="0" ind2=" ">
      <subfield code="a">Tongeren,</subfield>
      <subfield code="b">Drukk. G. Michiels,</subfield>
      <subfield code="c">1971.</subfield>
    </datafield>
    <datafield tag="300" ind1=" " ind2=" ">
      <subfield code="a">306 p.</subfield>
      <subfield code="b">maps, tables.</subfield>
      <subfield code="c">23 cm.</subfield>
    </datafield>
    <datafield tag="490" ind1="1" ind2=" ">
      <subfield code="a">Werken uitg. door de Koninklijke Commissie voor. Toponymie en Dialectologie, Vlaamse Afdeling,</subfield>
      <subfield code="v">12</subfield>
    </datafield>
    <datafield tag="500" ind1=" " ind2=" ">
      <subfield code="a">Summary in German.</subfield>
    </datafield>
    <datafield tag="504" ind1=" " ind2=" ">
      <subfield code="a">Bibliography: p. [20]-27.</subfield>
    </datafield>
    <datafield tag="650" ind1=" " ind2="0">
      <subfield code="a">Dutch language</subfield>
      <subfield code="x">Dialects</subfield>
      <subfield code="z">Belgium</subfield>
      <subfield code="z">Bruges.</subfield>
    </datafield>
    <datafield tag="650" ind1=" " ind2="0">
      <subfield code="a">Dutch language</subfield>
      <subfield code="x">Phonetics.</subfield>
    </datafield>
    <datafield tag="650" ind1=" " ind2="0">
      <subfield code="a">Dutch language</subfield>
      <subfield code="y">To 1800.</subfield>
    </datafield>
    <datafield tag="810" ind1="1" ind2=" ">
      <subfield code="a">Belgium.</subfield>
      <subfield code="b">Commission royale de toponymie et de dialectologie.</subfield>
      <subfield code="b">Section flamande.</subfield>
      <subfield code="t">Werken ;</subfield>
      <subfield code="v">12.</subfield>
    </datafield>
    <datafield tag="928" ind1=" " ind2=" ">
      <subfield code="a">AC031297</subfield>
    </datafield>
    <datafield tag="948" ind1=" " ind2=" ">
      <subfield code="a">OCLC</subfield>
    </datafield>
  </record>