
  <record xmlns="http://www.loc.gov/MARC21/slim">
    <leader>01029cam a2200325   4500</leader>
    <controlfield tag="001">12212</controlfield>
    <controlfield tag="005">20140930180333.0</controlfield>
    <controlfield tag="008">801221s1958uuuune a          000 0 dut u</controlfield>
    <datafield tag="010" ind1=" " ind2=" ">
      <subfield code="a">74221607</subfield>
    </datafield>
    <datafield tag="035" ind1=" " ind2=" ">
      <subfield code="a">(OCoLC)ocn687504619</subfield>
    </datafield>
    <datafield tag="035" ind1=" " ind2=" ">
      <subfield code="a">(CStRLIN)CTYG1065318-B</subfield>
    </datafield>
    <datafield tag="035" ind1=" " ind2=" ">
      <subfield code="9">AAB2358YL</subfield>
    </datafield>
    <datafield tag="035" ind1=" " ind2=" ">
      <subfield code="a">12212</subfield>
    </datafield>
    <datafield tag="040" ind1=" " ind2=" ">
      <subfield code="c">NBuU</subfield>
      <subfield code="d">CtY</subfield>
    </datafield>
    <datafield tag="041" ind1="0" ind2=" ">
      <subfield code="a">dut</subfield>
      <subfield code="a">eng</subfield>
      <subfield code="a">fre</subfield>
      <subfield code="a">ger</subfield>
    </datafield>
    <datafield tag="050" ind1="0" ind2=" ">
      <subfield code="a">ND673.R9</subfield>
      <subfield code="b">B23</subfield>
    </datafield>
    <datafield tag="079" ind1=" " ind2=" ">
      <subfield code="a">ocm01065318</subfield>
    </datafield>
    <datafield tag="090" ind1=" " ind2=" ">
      <subfield code="a">NJ18.R82</subfield>
      <subfield code="b">B37</subfield>
    </datafield>
    <datafield tag="100" ind1="1" ind2=" ">
      <subfield code="a">Baudouin, Frans.</subfield>
    </datafield>
    <datafield tag="245" ind1="1" ind2="0">
      <subfield code="a">Herinneringen aan P. P. Rubens;</subfield>
      <subfield code="b">tentoonstelling Juli-Augustus 1958, Rubenshuis; catalogus</subfield>
      <subfield code="c">[door F. Baudouin.</subfield>
    </datafield>
    <datafield tag="260" ind1="0" ind2=" ">
      <subfield code="a">Antwerpen,</subfield>
      <subfield code="c">1958]</subfield>
    </datafield>
    <datafield tag="300" ind1=" " ind2=" ">
      <subfield code="a">36 p.</subfield>
      <subfield code="b">[11] p. of illus.</subfield>
      <subfield code="c">23 cm.</subfield>
    </datafield>
    <datafield tag="500" ind1=" " ind2=" ">
      <subfield code="a">At head of title: Stad Antwerpen.</subfield>
    </datafield>
    <datafield tag="500" ind1=" " ind2=" ">
      <subfield code="a">Captions in English, French, and German: 8 p. inserted.</subfield>
    </datafield>
    <datafield tag="504" ind1=" " ind2=" ">
      <subfield code="a">Bibliography: p. 11.</subfield>
    </datafield>
    <datafield tag="600" ind1="1" ind2="0">
      <subfield code="a">Rubens, Peter Paul,</subfield>
      <subfield code="c">Sir,</subfield>
      <subfield code="d">1577-1640.</subfield>
    </datafield>
    <datafield tag="700" ind1="1" ind2=" ">
      <subfield code="a">Rubens, Peter Paul,</subfield>
      <subfield code="c">Sir,</subfield>
      <subfield code="d">1577-1640.</subfield>
    </datafield>
    <datafield tag="710" ind1="2" ind2=" ">
      <subfield code="a">Rubenshuis (Antwerp, Belgium)</subfield>
    </datafield>
    <datafield tag="928" ind1=" " ind2=" ">
      <subfield code="a">AC031297</subfield>
    </datafield>
    <datafield tag="948" ind1=" " ind2=" ">
      <subfield code="a">OCLC</subfield>
    </datafield>
  </record>