
  <record xmlns="http://www.loc.gov/MARC21/slim">
    <leader>01404cam a2200349   4500</leader>
    <controlfield tag="001">41220</controlfield>
    <controlfield tag="005">20191206141222.0</controlfield>
    <controlfield tag="008">801221s1972uuuube ceh        000 0 dut u</controlfield>
    <datafield tag="010" ind1=" " ind2=" ">
      <subfield code="a">72372222</subfield>
    </datafield>
    <datafield tag="035" ind1=" " ind2=" ">
      <subfield code="a">(OCoLC)ocn687863106</subfield>
    </datafield>
    <datafield tag="035" ind1=" " ind2=" ">
      <subfield code="a">(CStRLIN)CTYG1747168-B</subfield>
    </datafield>
    <datafield tag="035" ind1=" " ind2=" ">
      <subfield code="9">AAE1533YL</subfield>
    </datafield>
    <datafield tag="035" ind1=" " ind2=" ">
      <subfield code="a">41220</subfield>
    </datafield>
    <datafield tag="040" ind1=" " ind2=" ">
      <subfield code="c">ViU</subfield>
      <subfield code="d">CtY</subfield>
    </datafield>
    <datafield tag="041" ind1="0" ind2=" ">
      <subfield code="a">dut</subfield>
      <subfield code="b">eng</subfield>
      <subfield code="a">fre</subfield>
    </datafield>
    <datafield tag="043" ind1=" " ind2=" ">
      <subfield code="a">e-be---</subfield>
    </datafield>
    <datafield tag="050" ind1="0" ind2="4">
      <subfield code="a">LA819.A7</subfield>
      <subfield code="b">D33 1972</subfield>
    </datafield>
    <datafield tag="079" ind1=" " ind2=" ">
      <subfield code="a">ocm01747168</subfield>
    </datafield>
    <datafield tag="090" ind1=" " ind2=" ">
      <subfield code="a">LA819.A7</subfield>
      <subfield code="b">D33 1972</subfield>
    </datafield>
    <datafield tag="100" ind1="1" ind2=" ">
      <subfield code="a">Daele, Henk van.</subfield>
    </datafield>
    <datafield tag="245" ind1="1" ind2="0">
      <subfield code="a">Geschiedenis van het stedelijk lager onderwijs te Antwerpen van 1830 tot 1872.</subfield>
    </datafield>
    <datafield tag="260" ind1="0" ind2=" ">
      <subfield code="a">[Brussel],</subfield>
      <subfield code="b">Pro Civitate, [Gemeentekrediet van België, Panhecolaan, 44],</subfield>
      <subfield code="c">1972.</subfield>
    </datafield>
    <datafield tag="300" ind1=" " ind2=" ">
      <subfield code="a">x, 367 p.</subfield>
      <subfield code="b">ports., plans, tables, facsim.</subfield>
      <subfield code="c">24 cm.</subfield>
    </datafield>
    <datafield tag="490" ind1="1" ind2=" ">
      <subfield code="a">Pro Civitate.  Historische uitgaven.  Reeks in -8, nr. 3l</subfield>
    </datafield>
    <datafield tag="500" ind1=" " ind2=" ">
      <subfield code="a">Originally presented as the author's thesis, Ghent, 1967.</subfield>
    </datafield>
    <datafield tag="500" ind1=" " ind2=" ">
      <subfield code="a">Summary in English and French.</subfield>
    </datafield>
    <datafield tag="504" ind1=" " ind2=" ">
      <subfield code="a">Bibliography: p. 315-328.</subfield>
    </datafield>
    <datafield tag="583" ind1="1" ind2=" ">
      <subfield code="a">committed to retain</subfield>
      <subfield code="c">20190228</subfield>
      <subfield code="d">20421231</subfield>
      <subfield code="f">HathiTrust</subfield>
      <subfield code="5">CtY</subfield>
      <subfield code="z">To help ensure preservation of print and digital collections, this title is retained by Yale University Library on behalf of the HathiTrust Shared Print Program.</subfield>
    </datafield>
    <datafield tag="650" ind1=" " ind2="0">
      <subfield code="a">Education, Primary</subfield>
      <subfield code="z">Belgium</subfield>
      <subfield code="z">Antwerp</subfield>
      <subfield code="x">History.</subfield>
    </datafield>
    <datafield tag="830" ind1=" " ind2="0">
      <subfield code="a">Collection Histoire Pro Civitate.</subfield>
      <subfield code="n">Série in-8o ;</subfield>
      <subfield code="v">no 31.</subfield>
    </datafield>
    <datafield tag="928" ind1=" " ind2=" ">
      <subfield code="a">AC031297</subfield>
    </datafield>
    <datafield tag="948" ind1=" " ind2=" ">
      <subfield code="a">OCLC</subfield>
    </datafield>
  </record>