
  <record xmlns="http://www.loc.gov/MARC21/slim">
    <leader>00755cam a2200253   4500</leader>
    <controlfield tag="001">4337</controlfield>
    <controlfield tag="005">20210504182950.0</controlfield>
    <controlfield tag="008">801220m1942uuuunyu           000 0 eng</controlfield>
    <datafield tag="010" ind1=" " ind2=" ">
      <subfield code="a">42017400</subfield>
    </datafield>
    <datafield tag="035" ind1=" " ind2=" ">
      <subfield code="a">(OCoLC)ocn687888176</subfield>
    </datafield>
    <datafield tag="035" ind1=" " ind2=" ">
      <subfield code="a">(CStRLIN)CTYG0370915-B</subfield>
    </datafield>
    <datafield tag="035" ind1=" " ind2=" ">
      <subfield code="9">AAA4401YL</subfield>
    </datafield>
    <datafield tag="035" ind1=" " ind2=" ">
      <subfield code="a">4337</subfield>
    </datafield>
    <datafield tag="040" ind1=" " ind2=" ">
      <subfield code="c">ODaWU</subfield>
      <subfield code="d">CtY</subfield>
    </datafield>
    <datafield tag="079" ind1=" " ind2=" ">
      <subfield code="a">17504302</subfield>
    </datafield>
    <datafield tag="090" ind1=" " ind2=" ">
      <subfield code="a">B790</subfield>
      <subfield code="b">.W46</subfield>
    </datafield>
    <datafield tag="245" ind1="0" ind2="0">
      <subfield code="a">Who's who in philosophy.</subfield>
      <subfield code="b">Dagobert D. Runes, editor;</subfield>
      <subfield code="c">Lester E. Denonn, Ralph B. Winn, associate editors.</subfield>
    </datafield>
    <datafield tag="260" ind1=" " ind2=" ">
      <subfield code="a">[New York,</subfield>
      <subfield code="b">Philosophical library,</subfield>
      <subfield code="c">1942-</subfield>
    </datafield>
    <datafield tag="300" ind1=" " ind2=" ">
      <subfield code="a">v.</subfield>
      <subfield code="c">24 cm.</subfield>
    </datafield>
    <datafield tag="505" ind1="0" ind2=" ">
      <subfield code="a">v. 1. Anglo-American philosophers.</subfield>
    </datafield>
    <datafield tag="650" ind1=" " ind2="0">
      <subfield code="a">Philosophers.</subfield>
    </datafield>
    <datafield tag="700" ind1="1" ind2=" ">
      <subfield code="a">Runes, Dagobert D.</subfield>
      <subfield code="q">(Dagobert David),</subfield>
      <subfield code="d">1902-1982.</subfield>
    </datafield>
    <datafield tag="928" ind1=" " ind2=" ">
      <subfield code="a">AC031297</subfield>
    </datafield>
    <datafield tag="948" ind1=" " ind2=" ">
      <subfield code="a">OCLC</subfield>
    </datafield>
  </record>