
  <record xmlns="http://www.loc.gov/MARC21/slim">
    <leader>00781cam a22002651  4500</leader>
    <controlfield tag="001">5245404</controlfield>
    <controlfield tag="005">20210611173541.0</controlfield>
    <controlfield tag="008">930118u19621960nyu           000 0 eng</controlfield>
    <datafield tag="035" ind1=" " ind2=" ">
      <subfield code="a">(OCoLC)ocn702897397</subfield>
    </datafield>
    <datafield tag="035" ind1=" " ind2=" ">
      <subfield code="a">(ESL)20004285</subfield>
    </datafield>
    <datafield tag="035" ind1=" " ind2=" ">
      <subfield code="9">PAD7006YL</subfield>
    </datafield>
    <datafield tag="035" ind1=" " ind2=" ">
      <subfield code="a">5245404</subfield>
    </datafield>
    <datafield tag="040" ind1=" " ind2=" ">
      <subfield code="d">CtY</subfield>
    </datafield>
    <datafield tag="049" ind1=" " ind2=" ">
      <subfield code="a">ESLC</subfield>
    </datafield>
    <datafield tag="079" ind1=" " ind2=" ">
      <subfield code="a">433887247</subfield>
    </datafield>
    <datafield tag="090" ind1=" " ind2=" ">
      <subfield code="a">ESLC</subfield>
      <subfield code="b">BX8.2</subfield>
      <subfield code="c">T3813 1962 (LC)</subfield>
    </datafield>
    <datafield tag="100" ind1="1" ind2=" ">
      <subfield code="a">Tavard, George H.</subfield>
      <subfield code="q">(George Henry),</subfield>
      <subfield code="d">1922-2007.</subfield>
    </datafield>
    <datafield tag="245" ind1="1" ind2="0">
      <subfield code="a">Two centuries of ecumenism:</subfield>
      <subfield code="b">the search for unity,</subfield>
      <subfield code="c">by George H. Tavard. Translated by Royce W. Hughes.</subfield>
    </datafield>
    <datafield tag="260" ind1=" " ind2=" ">
      <subfield code="a">New York,</subfield>
      <subfield code="b">New American Library,</subfield>
      <subfield code="c">1962, c1960.</subfield>
    </datafield>
    <datafield tag="300" ind1=" " ind2=" ">
      <subfield code="a">192 p.</subfield>
      <subfield code="c">18 cm.</subfield>
    </datafield>
    <datafield tag="440" ind1=" " ind2="2">
      <subfield code="a">A Mentor-Omega book,</subfield>
      <subfield code="v">MT465</subfield>
    </datafield>
    <datafield tag="650" ind1=" " ind2="0">
      <subfield code="a">Ecumenical movement.</subfield>
    </datafield>
    <datafield tag="927" ind1=" " ind2=" ">
      <subfield code="a">ESLC</subfield>
    </datafield>
    <datafield tag="928" ind1=" " ind2=" ">
      <subfield code="a">AC031197</subfield>
    </datafield>
    <datafield tag="948" ind1=" " ind2=" ">
      <subfield code="a">ESLC</subfield>
    </datafield>
  </record>