
  <record xmlns="http://www.loc.gov/MARC21/slim">
    <leader>01336cas a2200373 a 4500</leader>
    <controlfield tag="001">29059</controlfield>
    <controlfield tag="005">20151110181454.0</controlfield>
    <controlfield tag="008">840126u19uu9999et  x    b   i0   a0eng d</controlfield>
    <datafield tag="010" ind1=" " ind2=" ">
      <subfield code="a">84640138</subfield>
    </datafield>
    <datafield tag="035" ind1=" " ind2=" ">
      <subfield code="a">(OCoLC)ocn687726900</subfield>
    </datafield>
    <datafield tag="035" ind1=" " ind2=" ">
      <subfield code="9">AAC9293YL</subfield>
    </datafield>
    <datafield tag="035" ind1=" " ind2=" ">
      <subfield code="a">29059</subfield>
    </datafield>
    <datafield tag="040" ind1=" " ind2=" ">
      <subfield code="a">CSfSt</subfield>
      <subfield code="c">CSfSt</subfield>
      <subfield code="d">DLC</subfield>
      <subfield code="d">m/c</subfield>
      <subfield code="d">NST</subfield>
      <subfield code="d">CtY-SSE</subfield>
    </datafield>
    <datafield tag="041" ind1="0" ind2=" ">
      <subfield code="a">eng</subfield>
      <subfield code="a">fre</subfield>
    </datafield>
    <datafield tag="042" ind1=" " ind2=" ">
      <subfield code="a">lc</subfield>
    </datafield>
    <datafield tag="043" ind1=" " ind2=" ">
      <subfield code="a">f------</subfield>
    </datafield>
    <datafield tag="050" ind1="0" ind2="0">
      <subfield code="a">Z7554.A34</subfield>
      <subfield code="b">B52</subfield>
      <subfield code="a">HA4671</subfield>
    </datafield>
    <datafield tag="079" ind1=" " ind2=" ">
      <subfield code="a">ocm10343621</subfield>
    </datafield>
    <datafield tag="082" ind1="0" ind2=" ">
      <subfield code="a">016.316</subfield>
      <subfield code="2">19</subfield>
    </datafield>
    <datafield tag="245" ind1="0" ind2="0">
      <subfield code="a">Bibliography of African statistical publications /</subfield>
      <subfield code="c">Economic Commission for Africa = Bibliographie des publications statistiques africaines / Commission économique pour l'Afrique.</subfield>
    </datafield>
    <datafield tag="246" ind1="1" ind2="1">
      <subfield code="a">Bibliographie des publications statistiques africaines</subfield>
    </datafield>
    <datafield tag="246" ind1="1" ind2="1">
      <subfield code="a">Bibliographie des publications statistiques sur l'Afrique</subfield>
    </datafield>
    <datafield tag="260" ind1="0" ind2="0">
      <subfield code="a">[s.l.] :</subfield>
      <subfield code="b">The Commission.</subfield>
    </datafield>
    <datafield tag="300" ind1=" " ind2=" ">
      <subfield code="a">v. ;</subfield>
      <subfield code="c">28 cm.</subfield>
    </datafield>
    <datafield tag="310" ind1=" " ind2=" ">
      <subfield code="a">Irregular</subfield>
    </datafield>
    <datafield tag="362" ind1="1" ind2=" ">
      <subfield code="a">Began in 1962.</subfield>
    </datafield>
    <datafield tag="500" ind1=" " ind2=" ">
      <subfield code="a">Description based on: 1969-June 1975; title from text.</subfield>
    </datafield>
    <datafield tag="500" ind1=" " ind2=" ">
      <subfield code="a">Vol. for 1962 has parallel title: Bibliographie des publications statistiques sur l'Afrique.</subfield>
    </datafield>
    <datafield tag="546" ind1=" " ind2=" ">
      <subfield code="a">English and French.</subfield>
    </datafield>
    <datafield tag="651" ind1=" " ind2="0">
      <subfield code="a">Africa</subfield>
      <subfield code="x">Statistics</subfield>
      <subfield code="v">Bibliography</subfield>
      <subfield code="v">Periodicals.</subfield>
    </datafield>
    <datafield tag="710" ind1="2" ind2=" ">
      <subfield code="a">United Nations.</subfield>
      <subfield code="b">Economic Commission for Africa.</subfield>
    </datafield>
    <datafield tag="927" ind1=" " ind2=" ">
      <subfield code="a">tape</subfield>
    </datafield>
    <datafield tag="928" ind1=" " ind2=" ">
      <subfield code="a">AC031297</subfield>
    </datafield>
    <datafield tag="948" ind1=" " ind2=" ">
      <subfield code="a">REC</subfield>
    </datafield>
  </record>