
  <record xmlns="http://www.loc.gov/MARC21/slim">
    <leader>01202cas a2200361 a 4500</leader>
    <controlfield tag="001">37273</controlfield>
    <controlfield tag="005">20151103181904.0</controlfield>
    <controlfield tag="008">750609u19669999fr  x    s   i0   a0eng</controlfield>
    <datafield tag="010" ind1=" " ind2=" ">
      <subfield code="a">83640640</subfield>
    </datafield>
    <datafield tag="035" ind1=" " ind2=" ">
      <subfield code="a">(OCoLC)ocn687819727</subfield>
    </datafield>
    <datafield tag="035" ind1=" " ind2=" ">
      <subfield code="9">AAD7558YL</subfield>
    </datafield>
    <datafield tag="035" ind1=" " ind2=" ">
      <subfield code="a">37273</subfield>
    </datafield>
    <datafield tag="040" ind1=" " ind2=" ">
      <subfield code="a">DLC</subfield>
      <subfield code="c">FGULS</subfield>
      <subfield code="d">MnMULS</subfield>
      <subfield code="d">NIC</subfield>
      <subfield code="d">N</subfield>
      <subfield code="d">DLC</subfield>
      <subfield code="d">NST</subfield>
      <subfield code="d">MH</subfield>
      <subfield code="d">m/c</subfield>
      <subfield code="d">MH</subfield>
      <subfield code="d">NST</subfield>
      <subfield code="d">WaU</subfield>
      <subfield code="d">NST</subfield>
      <subfield code="d">DNAL</subfield>
      <subfield code="d">NST</subfield>
    </datafield>
    <datafield tag="041" ind1="0" ind2=" ">
      <subfield code="a">eng</subfield>
      <subfield code="a">fre</subfield>
    </datafield>
    <datafield tag="042" ind1=" " ind2=" ">
      <subfield code="a">lc</subfield>
    </datafield>
    <datafield tag="050" ind1="0" ind2="0">
      <subfield code="a">HD9000.1</subfield>
      <subfield code="b">.F5894</subfield>
    </datafield>
    <datafield tag="070" ind1="0" ind2=" ">
      <subfield code="a">HD9000.5.O7</subfield>
    </datafield>
    <datafield tag="072" ind1=" " ind2="0">
      <subfield code="a">T000</subfield>
    </datafield>
    <datafield tag="079" ind1=" " ind2=" ">
      <subfield code="a">ocm01381462</subfield>
    </datafield>
    <datafield tag="082" ind1="0" ind2=" ">
      <subfield code="a">339.4/86413/00212</subfield>
      <subfield code="2">19</subfield>
    </datafield>
    <datafield tag="245" ind1="0" ind2="0">
      <subfield code="a">Food consumption statistics =</subfield>
      <subfield code="b">Statistiques de la consommation des denrées alimentaires.</subfield>
    </datafield>
    <datafield tag="246" ind1="1" ind2="0">
      <subfield code="a">Basic statistics OECD/OCDE statistiques de base</subfield>
    </datafield>
    <datafield tag="246" ind1="1" ind2="1">
      <subfield code="a">Statistiques de la consommation des denrées alimentaires</subfield>
    </datafield>
    <datafield tag="260" ind1=" " ind2=" ">
      <subfield code="a">Paris :</subfield>
      <subfield code="b">OCDE,</subfield>
      <subfield code="c">1968-</subfield>
    </datafield>
    <datafield tag="300" ind1=" " ind2=" ">
      <subfield code="a">v. :</subfield>
      <subfield code="b">ill. ;</subfield>
      <subfield code="c">32 cm.</subfield>
    </datafield>
    <datafield tag="362" ind1="0" ind2=" ">
      <subfield code="a">1954/1966-</subfield>
    </datafield>
    <datafield tag="500" ind1=" " ind2=" ">
      <subfield code="a">At head of title, 1954-1966: Basic statistics OECD/OCDE  statistiques de base.</subfield>
    </datafield>
    <datafield tag="546" ind1=" " ind2=" ">
      <subfield code="a">In English and French.</subfield>
    </datafield>
    <datafield tag="650" ind1=" " ind2="0">
      <subfield code="a">Food consumption</subfield>
      <subfield code="v">Statistics</subfield>
      <subfield code="v">Periodicals.</subfield>
    </datafield>
    <datafield tag="710" ind1="2" ind2=" ">
      <subfield code="a">Organisation for Economic Co-operation and Development.</subfield>
    </datafield>
    <datafield tag="927" ind1=" " ind2=" ">
      <subfield code="a">tape</subfield>
    </datafield>
    <datafield tag="928" ind1=" " ind2=" ">
      <subfield code="a">AC031297</subfield>
    </datafield>
    <datafield tag="948" ind1=" " ind2=" ">
      <subfield code="a">REC</subfield>
    </datafield>
  </record>