
  <record xmlns="http://www.loc.gov/MARC21/slim">
    <leader>01471cas a2200385 a 4500</leader>
    <controlfield tag="001">53883</controlfield>
    <controlfield tag="005">20110324193612.0</controlfield>
    <controlfield tag="008">920428u19uu9999fi uu p  b    0uuub0eng d</controlfield>
    <datafield tag="010" ind1=" " ind2=" ">
      <subfield code="a">75534884 //r862</subfield>
    </datafield>
    <datafield tag="035" ind1=" " ind2=" ">
      <subfield code="a">(OCoLC)ocn688001056</subfield>
    </datafield>
    <datafield tag="035" ind1=" " ind2=" ">
      <subfield code="a">(CStRLIN)CTYG92-S338</subfield>
    </datafield>
    <datafield tag="035" ind1=" " ind2=" ">
      <subfield code="9">AAF4274YL</subfield>
    </datafield>
    <datafield tag="035" ind1=" " ind2=" ">
      <subfield code="a">53883</subfield>
    </datafield>
    <datafield tag="040" ind1=" " ind2=" ">
      <subfield code="a">DLC</subfield>
      <subfield code="c">DLC</subfield>
      <subfield code="d">m/c</subfield>
      <subfield code="d">CStRLIN</subfield>
      <subfield code="d">CtY</subfield>
    </datafield>
    <datafield tag="041" ind1="0" ind2=" ">
      <subfield code="a">engfin</subfield>
    </datafield>
    <datafield tag="042" ind1=" " ind2=" ">
      <subfield code="a">lc</subfield>
    </datafield>
    <datafield tag="043" ind1=" " ind2=" ">
      <subfield code="a">e-fi---</subfield>
    </datafield>
    <datafield tag="050" ind1="0" ind2=" ">
      <subfield code="a">Z7164.E2</subfield>
      <subfield code="b">K35</subfield>
      <subfield code="a">HB9</subfield>
    </datafield>
    <datafield tag="079" ind1=" " ind2=" ">
      <subfield code="a">ocm04530613</subfield>
    </datafield>
    <datafield tag="245" ind1="0" ind2="0">
      <subfield code="a">Kansantaloustieteellinen kirjallisuus Suomessa =</subfield>
      <subfield code="b">Bibliography of economics literature in Finland.</subfield>
    </datafield>
    <datafield tag="246" ind1="1" ind2="1">
      <subfield code="a">Bibliography of economics literature in Finland</subfield>
    </datafield>
    <datafield tag="260" ind1=" " ind2=" ">
      <subfield code="a">Helsinki :</subfield>
      <subfield code="b">Helsingin Kauppakorkeakoulu, Kirjasto,</subfield>
    </datafield>
    <datafield tag="300" ind1=" " ind2=" ">
      <subfield code="a">v. ;</subfield>
      <subfield code="c">21 cm.</subfield>
    </datafield>
    <datafield tag="490" ind1="1" ind2=" ">
      <subfield code="a">19  -73: Helsingin Kauppakorkeakoulun kirjaston julkaisuja</subfield>
    </datafield>
    <datafield tag="490" ind1="1" ind2=" ">
      <subfield code="a">1974-75: Helsingin Kauppakorkeakoulun julkaisuja. D</subfield>
    </datafield>
    <datafield tag="500" ind1=" " ind2=" ">
      <subfield code="a">Description based on: 1974.</subfield>
    </datafield>
    <datafield tag="546" ind1=" " ind2=" ">
      <subfield code="a">English or Finnish.</subfield>
    </datafield>
    <datafield tag="650" ind1=" " ind2="0">
      <subfield code="a">Economics</subfield>
      <subfield code="x">Periodicals</subfield>
      <subfield code="v">Bibliography</subfield>
      <subfield code="v">Periodicals.</subfield>
    </datafield>
    <datafield tag="650" ind1=" " ind2="0">
      <subfield code="a">Economics</subfield>
      <subfield code="z">Finland</subfield>
      <subfield code="x">Periodicals</subfield>
      <subfield code="v">Bibliography</subfield>
      <subfield code="v">Periodicals.</subfield>
    </datafield>
    <datafield tag="650" ind1=" " ind2="0">
      <subfield code="a">Managerial economics</subfield>
      <subfield code="x">Periodicals</subfield>
      <subfield code="v">Bibliography</subfield>
      <subfield code="v">Periodicals.</subfield>
    </datafield>
    <datafield tag="650" ind1=" " ind2="0">
      <subfield code="a">Managerial economics</subfield>
      <subfield code="z">Finland</subfield>
      <subfield code="x">Periodicals</subfield>
      <subfield code="v">Bibliography</subfield>
      <subfield code="v">Periodicals.</subfield>
    </datafield>
    <datafield tag="710" ind1="2" ind2=" ">
      <subfield code="a">Helsingin Kauppakorkeakoulu.</subfield>
      <subfield code="b">Kirjasto.</subfield>
    </datafield>
    <datafield tag="830" ind1=" " ind2="0">
      <subfield code="a">Helsingin Kauppakorkeakoulun kirjaston julkaisuja.</subfield>
    </datafield>
    <datafield tag="830" ind1=" " ind2="0">
      <subfield code="a">Helsingin Kauppakorkeakoulun julkaisuja.</subfield>
      <subfield code="n">D.</subfield>
    </datafield>
    <datafield tag="928" ind1=" " ind2=" ">
      <subfield code="a">AC031297</subfield>
    </datafield>
  </record>
</collection>
